
@misc{kovacs,
  author  = {{Kovacs, M.}},
  title   = {{U.S. broadband networks rise to the challenge of surging traffic during the pandemic}},
  url     = "https://georgetown.app.box.com/s/8e76udzd1ic0pyg42fqsc96r1yzkz1jf",
  year    = {2020},
  urldate = "2020-07-29"
}

@misc{robuck,
  author  = {{Robuck, M.}},
  title   = {{Stealth CEO: Asymmetric broadband speeds cause strain during work from home efforts}},
  url     = "https://www.fiercetelecom.com/telecom/stealth-ceo-asymmetric-broadband-speeds-cause-strain-during-work-from-home-efforts",
  year    = {2020},
  urldate = "2020-07-29"
}

@misc{ncta,
  author  = {{NCTA}},
  title   = {{COVID-19: How Cable's Internet Networks Are Performing}},
  url     = "https://www.ncta.com/COVIDdashboard",
  year    = {2020},
  urldate = "2020-07-29"
}

@misc{cooper,
  author  = {{Cooper, T.}},
  title   = {{Internet Speed Analysis: Top 200 Cities, March 15th â€“ 21st}},
  url     = "https://broadbandnow.com/report/internet-speed-analysis-march-15th-21st/",
  year    = {2020},
  urldate = "2020-07-29"
}

@misc{frankel,
  author  = {{Frankel, D.}},
  title   = {{
Residential Internet Usage Surges 98 percent Amid COVID-19-related Social Distancing}},
  url     = "https://www.multichannel.com/news/residential-data-usage-soars-amid-covid-19-social-distancing",
  year    = {2020},
  urldate = "2020-07-29"
}

@misc{mba,
  author  = {{Federal Communications Commission}},
  title   = {{Measuring Broadband America}},
  url     = "https://www.fcc.gov/general/measuring-broadband-america",
  year    = {2020},
  urldate = "2020-07-29"
}

@misc{report,
  author  = {{Federal Communications Commission}},
  title   = {{Measuring Fixed Broadband}},
  url     = "https://www.fcc.gov/general/measuring-broadband-america-measuring-fixed-broadband",
  year    = {2020},
  urldate = "2020-07-29"
}

@misc{data,
  author  = {{Federal Communications Commission}},
  title   = {{Measuring Broadband Raw Data Releases }},
  url     = "https://www.fcc.gov/oet/mba/raw-data-releases",
  year    = {2020},
  urldate = "2020-07-29"
}

@misc{sam,
  author  = {{SamKnows}},
  title   = {{SamKnows Whitebox}},
  url     = "https://samknows.com/technology/agents/samknows-whitebox",
  year    = {2020},
  urldate = "2020-07-29"
}












